@Book{xie2015,
  title = {Dynamic Documents with {R} and knitr},
  author = {Yihui Xie},
  publisher = {Chapman and Hall/CRC},
  address = {Boca Raton, Florida},
  year = {2015},
  edition = {2nd},
  note = {ISBN 978-1498716963},
  url = {http://yihui.name/knitr/},
}


@article{lewis_method_1903,
	title = {Method of {Teaching} {English} {Literature}},
	volume = {11},
	issn = {0036-6773},
	url = {https://www.journals.uchicago.edu/doi/10.1086/434453},
	doi = {10.1086/434453},
	language = {en},
	number = {3},
	urldate = {2018-08-31},
	journal = {The School Review},
	author = {Lewis, Charlton M.},
	month = mar,
	year = {1903},
	pages = {187--199},
	file = {Lewis - 1903 - Method of Teaching English Literature.pdf:/Users/sgaichas/Zotero/storage/H75UNJL6/Lewis - 1903 - Method of Teaching English Literature.pdf:application/pdf}
}


@book{rowling_harry_2000,
	title = {Harry {Potter} and the chamber of secrets},
	url = {https://search.library.wisc.edu/catalog/999896372102121},
	abstract = {341 pages ; 20 cm},
	publisher = {New York : Scholastic, Inc., 2000. Â©1999},
	author = {Rowling, J. K},
	year = {2000}
}